% Encoding: UTF-8

@WWW{flepos,
  author = {Overheid Vlaanderen},
  editor = {Overheid Vlaanderen},
  title  = {Overzicht FLEPOS GNSS-referentiestations},
  url    = {https://overheid.vlaanderen.be/informatie-vlaanderen/producten-diensten/centimeternauwkeurige-positiebepaling-flepos},
}

@Comment{jabref-meta: databaseType:biblatex;}
