% Encoding: UTF-8

@Article{numberOfSmartphones,
  author  = {Arne Holst},
  title   = {Number of smartphone users worldwide 2016-2020},
  journal = {statista.com},
  year    = {2019},
  date    = {2019-11-11},
}

@PhdThesis{avalancheTransceivers,
  author      = {N. Ayuso ⁎, J.A. Cuchí, F. Lera, J.L. Villarroel},
  title       = {A deep insight into avalanche transceivers for optimizing rescue},
  institution = {Aragón Institute of Engineering Research},
  year        = {2014},
  date        = {2014-12-16},
}

@Article{underwaterProblem,
  author       = {Gunnar Taraldsen, Tor Arne Reinen, Tone Berg},
  title        = {The underwater GPS problem},
  journal      = {https://www.semanticscholar.org/paper/The-underwater-GPS-problem-Taraldsen-Reinen/37ff01bbf3d70b2b21c4ef6b28baca6253eb751c},
  journaltitle = {The underwater GPS problem},
  year         = {2011},
  date         = {2011-09-11},
}

@Comment{jabref-meta: databaseType:biblatex;}
